@Manual{R,
    title = {R: A Language and Environment for Statistical Computing},
    author = {{R Core Team}},
    organization = {R Foundation for Statistical Computing},
    address = {Vienna, Austria},
    year = {2013},
    url = {http://www.R-project.org/},
 }
 
@Article{adephylo,
    title = {adephylo: exploratory analyses for the phylogenetic comparative method.},
    journal = {Bioinformatics},
    year = {2010},
    author = {T. Jombart and S. Dray},
    volume = {26},
    pages = {1907-1909},
    doi = {10.1093/bioinformatics/btq292},
}

@Article{ade4,
    title = {The ade4 package: implementing the duality diagram for
      ecologists},
    author = {S. Dray and A.B. Dufour},
    journal = {Journal of Statistical Software},
    year = {2007},
    volume = {22},
    pages = {1-20},
    number = {4},
}

@Manual{mixchar,
  author = {Saras M. Windecker and Nick Golding},
  title = {mixchar: Mixture Model for the Deconvolution of Thermal Decay Curves},
  year = {2018},
  note = {R package version 0.1.0},
  url = {https://cran.r-project.org/web/packages/mixchar/},
}

@Manual{remake,
title = {remake: Make-like build management},
author = {Rich FitzJohn},
year = {2015},
note = {R package version 0.2.0},
url = {https://github.com/richfitz/remake},
}

@Manual{minpack.lm,
    title = {minpack.lm: R Interface to the Levenberg-Marquardt Nonlinear Least-Squares
Algorithm Found in MINPACK, Plus Support for Bounds},
    author = {Timur V. Elzhov and Katharine M. Mullen and Andrej-Nikolai Spiess and Ben Bolker},
    year = {2016},
    note = {R package version 1.2-1},
    url = {https://CRAN.R-project.org/package=minpack.lm},
}

@Article{phytools,
  title = {phytools: An R package for phylogenetic comparative biology (and other things).},
  author = {Liam J. Revell},
  journal = {Methods in Ecology and Evolution},
  year = {2012},
  volume = {3},
  pages = {217-223},
}

@Misc{rstan,
  title = {{RStan}: the {R} interface to {Stan}},
  author = {{Stan Development Team}},
  note = {R package version 2.14.1},
  year = {2016},
  url = {http://mc-stan.org/},
}


@Manual{tmvtnorm,
    title = {{tmvtnorm}: Truncated Multivariate Normal and Student t
      Distribution},
    author = {Stefan Wilhelm and Manjunath B G},
    year = {2015},
    note = {R package version 1.4-10},
    url = {http://CRAN.R-project.org/package=tmvtnorm},
}