@Manual{R,
    title = {R: A Language and Environment for Statistical Computing},
    author = {{R Core Team}},
    organization = {R Foundation for Statistical Computing},
    address = {Vienna, Austria},
    year = {2013},
    url = {http://www.R-project.org/},
 }


@Article{adephylo,
    title = {adephylo: exploratory analyses for the phylogenetic comparative method.},
    journal = {Bioinformatics},
    year = {2010},
    author = {T. Jombart and S. Dray},
    volume = {26},
    pages = {1907-1909},
    doi = {10.1093/bioinformatics/btq292},
}

@Article{ade4,
    title = {The ade4 package: implementing the duality diagram for
      ecologists},
    author = {S. Dray and A.B. Dufour},
    journal = {Journal of Statistical Software},
    year = {2007},
    volume = {22},
    pages = {1-20},
    number = {4},
}

@Manual{raster,
    title = {raster: Geographic Data Analysis and Modeling},
    author = {Robert J. Hijmans},
    year = {2019},
    note = {R package version 2.8-19},
    url = {https://CRAN.R-project.org/package=raster},
  }

@misc{mixchar,
  author = {Saras M. Windecker and Nick Golding},
  title = {mixchar},
  year = {2018},
  publisher = {GitHub},
  journal = {GitHub repository},
  howpublished = {https://github.com/smwindecker/mixchar},
  commit = {addcommitnohere}
}

@Manual{,
    title = {raster: Geographic Data Analysis and Modeling},
    author = {Robert J. Hijmans},
    year = {2019},
    note = {R package version 2.8-19},
    url = {https://CRAN.R-project.org/package=raster},
}

@Manual{remake,
title = {remake: Make-like build management},
author = {Rich FitzJohn},
year = {2015},
note = {R package version 0.2.0},
url = {https://github.com/richfitz/remake},
}

@Book{mgcv,
  title = {Generalized Additive Models: An Introduction with R},
  year = {2017},
  author = {S.N Wood},
  edition = {2},
  publisher = {Chapman and Hall/CRC},
}

@Manual{minpack.lm,
    title = {minpack.lm: R Interface to the Levenberg-Marquardt Nonlinear Least-Squares
Algorithm Found in MINPACK, Plus Support for Bounds},
    author = {Timur V. Elzhov and Katharine M. Mullen and Andrej-Nikolai Spiess and Ben Bolker},
    year = {2016},
    note = {R package version 1.2-1},
    url = {https://CRAN.R-project.org/package=minpack.lm},
}

@Article{nloptr,
    title = {The NLopt nonlinear-optimization package},
    author = {Steven G. Johnson},
    url = {http://ab-initio.mit.edu/nlopt},
}

@Article{bobyqa,
    title = {The BOBYQA algorithm for bound constrained optimization wihtout derivatives},
    author = {M.J.D. Powell},
    year = {2009},
    journal = {Department of Applied Mathematics and Theoretical Physics, Cambridge England, technical report NA2009/06},
}

@Article{phytools,
  title = {phytools: An R package for phylogenetic comparative biology (and other things).},
  author = {Liam J. Revell},
  journal = {Methods in Ecology and Evolution},
  year = {2012},
  volume = {3},
  pages = {217-223},
}

@Misc{rstan,
  title = {{RStan}: the {R} interface to {Stan}},
  author = {{Stan Development Team}},
  note = {R package version 2.14.1},
  year = {2016},
  url = {http://mc-stan.org/},
}


@Manual{tmvtnorm,
    title = {{tmvtnorm}: Truncated Multivariate Normal and Student t
      Distribution},
    author = {Stefan Wilhelm and Manjunath B G},
    year = {2015},
    note = {R package version 1.4-10},
    url = {http://CRAN.R-project.org/package=tmvtnorm},
}

@Manual{viridis,
    title = {viridis: Default Color Maps from 'matplotlib'},
    author = {Simon Garnier},
    year = {2018},
    note = {R package version 0.5.1},
    url = {https://CRAN.R-project.org/package=viridis},
  }
